101 091000019EDIMN000041411180351A094101WELLS FARGO            TRP SOLUTION                   
1200SCALE FINANCIAL                     1464683532CCDPAYOUT    111814111814   1091000010000001
627343434343123123123123123120000000070000000000555555Al Shahan               0091000010000001
705                                                                                00010000001
820000000200343434340000000000700000000000001464683532                         091000010000001
1200SCALE FINANCIAL                     1464683532CCDPAYOUT    111814111814   1091000010000002
627111900659123456789123456700000000300000000000888888Zishan 1 momin          0091000010000001
705                                                                                00010000001
820000000200111900650000000003000000000000001464683532                         091000010000002
9000002              0045533499000000000370000000000000                                       
