1010091000019EDIMN000041411100848A094101WELLS FARGO            TRP SOLUTION                   
1200SCALE FINANCIAL                     1464683532CCDPAYOUT    111014111014   1091000010000001
627343434343123123123123123120000000070123123123123123Al Shahan               0091000010000001
70500010000001
820000000200343434340000000000700000000000001464683532                         091000010000001
9000001        34343434000000000070000000000000                                       
